@preamble{ "\newcommand{\noopsort}[1]{} "
	# "\newcommand{\printfirst}[2]{#1} "
	# "\newcommand{\singleletter}[1]{#1} "
	# "\newcommand{\switchargs}[2]{#2#1} " }

@misc{smernica,
 title={Vnútorný predpis č. 7/2018, {Ú}plné znenie vnútorného predpisu
 č. 12/2013 {S}mernice rektora {U}niverzity {K}omenského v
 {B}ratislave o základných náležitostiach záverečných
 prác, rigoróznych prác a habilitačných prác, kontrole
 ich originality, uchovávaní a sprístupňovaní na
 {U}niverzite {K}omenského v {B}ratislave v znení dodatku
 č. 1 a dodatku č. 2 Smernica rektora {U}niverzity
 {K}omenského v {B}ratislave o základných
 náležitostiach záverečných prác, rigoróznych prác a
 habilitačných prác, kontrole ich originality,
 uchovávaní a sprístupňovaní na {U}niverzite
 {K}omenského v {B}ratislave},
 author={{Univerzita Komenského v Bratislave}},
 year={2013},
 note={[Citované 2020-10-19] Dostupné z \url{https://uniba.sk/fileadmin/ruk/legislativa/2018/Vp_2018_07.pdf}},
}

@Book{Oetiker2000,
  author = 	 {Tobias Oetiker and Hubert Partl and Irene Hyna and Elisabeth Schlegl},
  title = 	 {Nie príliš stručný úvod do systému {LaTeX2e}},
  year = 	 {2002},
  note = {Preklad Ján Buša ml. a st}
}

@book{humphreys2012introduction,
  title={Introduction to Lie algebras and representation theory},
  author={Humphreys, James E},
  volume={9},
  year={2012},
  publisher={Springer Science \& Business Media}
}

@article{arnol1972normal,
  title={Normal forms for functions near degenerate critical points, the Weyl groups of A k, D k, E k and Lagrangian singularities},
  journal={Functional Analysis and its applications},
  volume={6},
  pages={254--272},
  year={1972},
  publisher={Springer}
}

@article{hazewinkel1977ubiquity,
  title={The ubiquity of Coxeter-Dynkin diagrams},
  author={Hazewinkel, M and Hesselink, W and Siersma, D and Veldkamp, FD},
  journal={Nieuw Arch. Wisk},
  volume={25},
  pages={257--307},
  year={1977}
}

@misc{wikidynkindiagram,
  title={Dynkin diagram},
  url={https://en.wikipedia.org/wiki/Dynkin_diagram#Simply_laced}  
}

@mics{singsurf,
  title={3D Viewer-Generator},
  author={Dr. Richard Morris},
  url={https://singsurf.org/parade/Cubics.php}
}

@article{goldman2005curvature,
  title={Curvature formulas for implicit curves and surfaces},
  author={Goldman, Ron},
  journal={Computer Aided Geometric Design},
  volume={22},
  number={7},
  pages={632--658},
  year={2005},
  publisher={Elsevier}
}

@book{spivak1975comprehensive,
  title={A comprehensive introduction to differential geometry},
  author={Spivak, Michael},
  volume={3},
  year={1975},
  publisher={Publish or Perish, Incorporated}
}

@article{novello2021differential,
  title={DIFFERENTIAL GEOMETRY OF IMPLICIT SURFACES},
  author={NOVELLO, TIAGO and DA SILVA, VIN{\'I}CIUS and SCHARDONG, GUILHERME and SCHIRMER, LUIZ and LOPES, H{\'E}LIO and VELHO, LUIZ},
  year={2021}
}

@book{foley1996computer,
  title={Computer graphics: principles and practice},
  author={Foley, James D and Van, Foley Dan and Van Dam, Andries and Feiner, Steven K and Hughes, John F},
  volume={12110},
  year={1996},
  publisher={Addison-Wesley Professional}
}

@article{requicha1977constructive,
  title={Constructive solid geometry},
  author={Requicha, Aristides AG and Voelcker, Herbert B},
  year={1977},
  publisher={CUMINCAD}
}

@article{requicha1978mathematical,
  title={Mathematical foundations of constructive solid geometry: General topology of closed regular sets},
  author={Requicha, Aristides and Tilove, Robert},
  year={1978}
}

@article{dynkin1947structure,
  title={The structure of semi-simple algebras},
  author={Dynkin, Evgenii Borisovich},
  journal={Uspekhi Matematicheskikh Nauk},
  volume={2},
  number={4},
  pages={59--127},
  year={1947},
  publisher={Russian Academy of Sciences, Steklov Mathematical Institute of Russian~…}
}

@article{korecova2021triangulation,
  title={Algoritmy triangulácie implicitne definovanej plochy},
  author={Kristína Korecová, doc. RNDr. Pavel Chalmovianský, PhD.},
  year={2021}
}

@inproceedings{hilton1996marching,
  title={Marching triangles: range image fusion for complex object modelling},
  author={Hilton, Adrian and Stoddart, Andrew J and Illingworth, John and Windeatt, Terry},
  booktitle={Proceedings of 3rd IEEE international conference on image processing},
  volume={2},
  pages={381--384},
  year={1996},
  organization={IEEE}
}

@inproceedings{akkouche2001adaptive,
  title={Adaptive implicit surface polygonization using marching triangles},
  author={Akkouche, Samir and Galin, Eric},
  booktitle={Computer Graphics Forum},
  volume={20},
  number={2},
  pages={67--80},
  year={2001},
  organization={Wiley Online Library}
}
# half-edge, winged edge comparison
@article{kettner1999using,
  title={Using generic programming for designing a data structure for polyhedral surfaces},
  author={Kettner, Lutz},
  journal={Computational Geometry},
  volume={13},
  number={1},
  pages={65--90},
  year={1999},
  publisher={Elsevier}
}
# range tree
@inproceedings{lueker1978data,
  title={A data structure for orthogonal range queries},
  author={Lueker, George S},
  booktitle={19th Annual Symposium on Foundations of Computer Science (sfcs 1978)},
  pages={28--34},
  year={1978},
  organization={IEEE}
}
# winged edge
@inproceedings{baumgart1975polyhedron,
  title={A polyhedron representation for computer vision},
  author={Baumgart, Bruce G},
  booktitle={Proceedings of the May 19-22, 1975, national computer conference and exposition},
  pages={589--596},
  year={1975}
}
# half-edge
@article{weiler1985edge,
  title={Edge-based data structures for solid modeling in curved-surface environments},
  author={Weiler, Kevin},
  journal={IEEE Computer graphics and applications},
  volume={5},
  number={1},
  pages={21--40},
  year={1985},
  publisher={IEEE}
} 
